

@article{neyman:1990,
  author =        {Neyman, Jerzy},
  journal =       {Statistical Science},
  note =          {transl. by D.M. Dabrowska and T.P. Speed from 1923
                   Polish original.},
  pages =         {463--480},
  title =         {On the application of probability theory to
                   agricultural experiments. Essay on principles.
                   Section 9},
  volume =        {5},
  year =          {1990},
}

@book{freedman:purv:pisa:1998,
  author =        {Freedman, David A. and Pisani, Robert and
                   Purves, Roger},
  edition =       {Third},
  publisher =     {W.W. Norton and Co.},
  title =         {Statistics},
  year =          {1998},
}

@article{samiiAronow2012HC2equivNeyman,
  author =        {Samii, Cyrus and Aronow, Peter},
  journal =       {Statistics and Probability Letters},
  pages =         {365--370},
  title =         {On equivalencies between design-based and
                   regression-based variance estimators for randomized
                   experiments},
  volume =        {82},
  year =          {2012},
}

@article{salesHansen2019lrd,
  author =        {Sales, Adam C. and Hansen, Ben B.},
  journal =       {Journal of Educational and Behavioral Statistics},
  number =        {2},
  pages =         {143--174},
  title =         {Limitless regression discontinuity},
  volume =        {45},
  year =          {2020},
  doi =           {10.3102/1076998619884904},
}

@book{koenker2005quantileregr,
  author =        {Koenker},
  publisher =     {Cambridge University Press},
  series =        {Econometric Society Monographs},
  title =         {Quantile Regression},
  year =          {2005},
  isbn =          {9780521608275},
  url =           {https://books.google.com/books?id=hdkt7V4NXsgC},
}

@incollection{he18resampling,
  address =       {London},
  author =        {He, Xuming},
  booktitle =     {Handbook of quantile regression},
  editor =        {Koenker, Roger and Chernozhukov, Victor and
                   He, Xuming and Peng, Limin},
  pages =         {7--19},
  publisher =     {Chapman \& Hall},
  title =         {Resampling methods},
  year =          {2018},
}

@article{mukerjeeDasguptaRubin18,
  author =        {Mukerjee,Rahul and Dasgupta, Tirthankar and
                   Rubin, Donald B.},
  journal =       {Journal of the American Statistical Association},
  number =        {522},
  pages =         {868--881},
  publisher =     {Taylor & Francis},
  title =         {Using Standard Tools from Finite Population Sampling
                   to Improve Causal Inference for Complex Experiments},
  volume =        {113},
  year =          {2018},
  doi =           {10.1080/01621459.2017.1294076},
}

@techreport{pashleymiratrix18varestimationblockeddesigns,
  author =        {Pashley, Nicole E and Miratrix, Luke W},
  institution =   {Arxiv},
  number =        {1710.10342},
  title =         {Insights on Variance Estimation for Blocked and
                   Matched Pairs Designs},
  year =          {2019},
}

@article{gelmanPardoe07,
  author =        {Gelman, Andrew and Pardoe, Iain},
  journal =       {Sociological Methodology},
  number =        {1},
  pages =         {23--51},
  publisher =     {SAGE Publications Sage CA: Los Angeles, CA},
  title =         {Average predictive comparisons for models with
                   nonlinearity, interactions, and variance components},
  volume =        {37},
  year =          {2007},
}

@article{bowers:hans:2008,
  author =        {Hansen, Ben B. and Bowers, Jake},
  journal =       {Journal of the American Statistical Association},
  note =          {DOI: 10.1198/jasa.2009.ap06589.},
  number =        {487},
  pages =         {873--85},
  title =         {Attributing Effects to A Cluster Randomized
                   Get-Out-The-Vote Campaign},
  volume =        {104},
  year =          {2009},
}

@book{carroll2006measurement,
  author =        {Carroll, Raymond J and Ruppert, David and
                   Stefanski, Leonard A and Crainiceanu, Ciprian M},
  edition =       {Second},
  publisher =     {Chapman and Hall/CRC},
  title =         {Measurement error in nonlinear models: a modern
                   perspective},
  volume =        {105},
  year =          {2006},
}

