@article{feng2014exact,
  title={On exact forms of Taylorâ€™s theorem for vector-valued functions.},
  author={Feng, Changyong and Wang, Hongyue and Chen, Tian and Tu, Xin M},
  journal={Biometrika},
  volume={101},
  number={4},
  year={2014}
}
@book{keener2010TheorStats,
  title={Theoretical Statistics: Topics for a Core Course},
  author={Keener, R.W.},
  isbn={9780387938394},
  lccn={2010935925},
  series={Springer Texts in Statistics},
  url={https://books.google.com/books?id=aVJmcega44cC},
  year={2010},
  publisher={Springer New York}
}
